@book{little2019statistical,
  title={Statistical analysis with missing data},
  author={Little, Roderick JA and Rubin, Donald B},
  volume={793},
  year={2019},
  publisher={John Wiley \& Sons}
}

@inproceedings{Rubin1989MultipleIF,
  title={Multiple imputation for nonresponse in surveys},
  author={Donald B. Rubin},
  year={1989},
  url={https://api.semanticscholar.org/CorpusID:125194035}
}

@article{li2015multiple,
  title={Multiple imputation: a flexible tool for handling missing data},
  author={Li, Peng and Stuart, Elizabeth A and Allison, David B},
  journal={Jama},
  volume={314},
  number={18},
  pages={1966--1967},
  year={2015},
  publisher={American Medical Association}
}

@article{Schafer1999MultipleIA,
  title={Multiple imputation: a primer},
  author={Joseph L. Schafer},
  journal={Statistical Methods in Medical Research},
  year={1999},
  volume={8},
  pages={15 - 3},
  url={https://api.semanticscholar.org/CorpusID:27920376}
}

@article{andridge2010review,
  title={A review of hot deck imputation for survey non-response},
  author={Andridge, Rebecca R and Little, Roderick JA},
  journal={International statistical review},
  volume={78},
  number={1},
  pages={40--64},
  year={2010},
  publisher={Wiley Online Library}
}

@article{dempster1977maximum,
  title={Maximum likelihood from incomplete data via the EM algorithm},
  author={Dempster, Arthur P and Laird, Nan M and Rubin, Donald B},
  journal={Journal of the royal statistical society: series B (methodological)},
  volume={39},
  number={1},
  pages={1--22},
  year={1977},
  publisher={Wiley Online Library}
}

@article{stekhoven2012missforest,
  title={MissForestâ€”non-parametric missing value imputation for mixed-type data},
  author={Stekhoven, Daniel J and B{\"u}hlmann, Peter},
  journal={Bioinformatics},
  volume={28},
  number={1},
  pages={112--118},
  year={2012},
  publisher={Oxford University Press}
}

@article{Buuren2011MICEMI,
  title={MICE: Multivariate Imputation by Chained Equations in R},
  author={Stef van Buuren and Karin G. M. Groothuis-Oudshoorn},
  journal={Journal of Statistical Software},
  year={2011},
  volume={45},
  pages={1-67},
  url={https://api.semanticscholar.org/CorpusID:16120223}
}

@inproceedings{gondara2018mida,
  title={Mida: Multiple imputation using denoising autoencoders},
  author={Gondara, Lovedeep and Wang, Ke},
  booktitle={Advances in Knowledge Discovery and Data Mining: 22nd Pacific-Asia Conference, PAKDD 2018, Melbourne, VIC, Australia, June 3-6, 2018, Proceedings, Part III 22},
  pages={260--272},
  year={2018},
  organization={Springer}
}

@article{Honaker2011AmeliaIA,
  title={Amelia II: A Program for Missing Data},
  author={James Honaker and Gary King and Matthew Blackwell},
  journal={Journal of Statistical Software},
  year={2011},
  volume={45},
  pages={1-47},
  url={https://api.semanticscholar.org/CorpusID:60876515}
}

@article{kang2013prevention,
  title={The prevention and handling of the missing data},
  author={Kang, Hyun},
  journal={Korean journal of anesthesiology},
  volume={64},
  number={5},
  pages={402},
  year={2013},
  publisher={Korean Society of Anesthesiologists}
}

@inproceedings{pujianto2019k,
  title={K-nearest neighbor (k-NN) based missing data imputation},
  author={Pujianto, Utomo and Wibawa, Aji Prasetya and Akbar, Muhammad Iqbal and others},
  booktitle={2019 5th International Conference on Science in Information Technology (ICSITech)},
  pages={83--88},
  year={2019},
  organization={IEEE}
}

@inproceedings{hutchins2004georgetown,
  title={The Georgetown-IBM experiment demonstrated in January 1954},
  author={Hutchins, W John},
  booktitle={Conference of the Association for Machine Translation in the Americas},
  pages={102--114},
  year={2004},
  organization={Springer}
}

@article{rabiner1989tutorial,
  title={A tutorial on hidden Markov models and selected applications in speech recognition},
  author={Rabiner, Lawrence R},
  journal={Proceedings of the IEEE},
  volume={77},
  number={2},
  pages={257--286},
  year={1989},
  publisher={Ieee}
}

@article{mikolov2013efficient,
  title={Efficient estimation of word representations in vector space},
  author={Mikolov, Tomas and Chen, Kai and Corrado, Greg and Dean, Jeffrey},
  journal={arXiv preprint arXiv:1301.3781},
  year={2013}
}

@article{vaswani2017attention,
  title={Attention is all you need},
  author={Vaswani, Ashish and Shazeer, Noam and Parmar, Niki and Uszkoreit, Jakob and Jones, Llion and Gomez, Aidan N and Kaiser, {\L}ukasz and Polosukhin, Illia},
  journal={Advances in neural information processing systems},
  volume={30},
  year={2017}
}

@article{devlin2018bert,
  title={Bert: Pre-training of deep bidirectional transformers for language understanding},
  author={Devlin, Jacob and Chang, Ming-Wei and Lee, Kenton and Toutanova, Kristina},
  journal={arXiv preprint arXiv:1810.04805},
  year={2018}
}

@inproceedings{Radford2018ImprovingLU,
  title={Improving Language Understanding by Generative Pre-Training},
  author={Alec Radford and Karthik Narasimhan},
  year={2018},
  url={https://api.semanticscholar.org/CorpusID:49313245}
}

@article{brown2020language,
  title={Language models are few-shot learners},
  author={Brown, Tom and Mann, Benjamin and Ryder, Nick and Subbiah, Melanie and Kaplan, Jared D and Dhariwal, Prafulla and Neelakantan, Arvind and Shyam, Pranav and Sastry, Girish and Askell, Amanda and others},
  journal={Advances in neural information processing systems},
  volume={33},
  pages={1877--1901},
  year={2020}
}
