@article{cheng2023adapting,
  title={Adapting large language models via reading comprehension},
  author={Cheng, Daixuan and Huang, Shaohan and Wei, Furu},
  journal={arXiv preprint arXiv:2309.09530},
  year={2023}
}

@article{hu2021lora,
  title={Lora: Low-rank adaptation of large language models},
  author={Hu, Edward J and Shen, Yelong and Wallis, Phillip and Allen-Zhu, Zeyuan and Li, Yuanzhi and Wang, Shean and Wang, Lu and Chen, Weizhu},
  journal={arXiv preprint arXiv:2106.09685},
  year={2021}
}

@article{chalkidis2024llama,
  title={Llama meets EU: Investigating the European Political Spectrum through the Lens of LLMs},
  author={Chalkidis, Ilias and Brandl, Stephanie},
  journal={arXiv preprint arXiv:2403.13592},
  year={2024}
}

@article{michel2019euandi2019,
  title={euandi2019: Project description and datasets documentation},
  author={Michel, Elie and Cicchi, Lorenzo and Garzia, Diego and Ferreira Da Silva, Frederico and Trechsel, Alexander},
  journal={Robert Schuman Centre for Advanced Studies Research Paper No. RSCAS},
  volume={61},
  year={2019}
}