@article{dong2021review,
  title={A review of social media-based public opinion analyses: Challenges and recommendations},
  author={Dong, Xuefan and Lian, Ying},
  journal={Technology in Society},
  volume={67},
  pages={101724},
  year={2021},
  publisher={Elsevier}
}

@article{dui2024social,
  title={Social Media Public Opinion Detection Using Multimodal Natural Language Processing and Attention Mechanisms},
  author={Dui, Yanxia and Hu, Hongchun},
  journal={IET Information Security},
  volume={2024},
  number={1},
  pages={8880804},
  year={2024},
  publisher={Wiley Online Library}
}

@article{zhang2024decoding,
  title={Decoding Activist Public Opinion in Decentralized Self-Organized Protests Using LLM},
  author={Zhang, Baoyu and Chen, Tao and Wang, Xiao and Li, Qiang and Zhang, Weishan and Wang, Fei-Yue},
  journal={IEEE Transactions on Computational Social Systems},
  year={2024},
  publisher={IEEE}
}

@article{bhatia2024advancing,
  title={Advancing Policy Insights: Opinion Data Analysis and Discourse Structuring Using LLMs},
  author={Bhatia, Aaditya},
  year={2024}
}

@article{kim2023ai,
  title={AI-Augmented Surveys: Leveraging Large Language Models and Surveys for Opinion Prediction},
  author={Kim, Junsol and Lee, Byungkyu},
  journal={arXiv preprint arXiv:2305.09620},
  year={2023}
}

@article{wang2024deep,
  title={Deep learning for multivariate time series imputation: A survey},
  author={Wang, Jun and Du, Wenjie and Cao, Wei and Zhang, Keli and Wang, Wenjia and Liang, Yuxuan and Wen, Qingsong},
  journal={arXiv preprint arXiv:2402.04059},
  year={2024}
}

@article{Tumasjan2010PredictingEW,
  title={Predicting Elections with Twitter: What 140 Characters Reveal about Political Sentiment},
  author={Andranik Tumasjan and Timm Oliver Sprenger and Philipp G. Sandner and Isabell M. Welpe},
  journal={Proceedings of the International AAAI Conference on Web and Social Media},
  year={2010},
  url={https://api.semanticscholar.org/CorpusID:17539846}
}

@article{Stieglitz2012SocialMA,
  title={Social media and political communication: a social media analytics framework},
  author={Stefan Stieglitz and Linh Dang-Xuan},
  journal={Social Network Analysis and Mining},
  year={2012},
  volume={3},
  pages={1277 - 1291},
  url={https://api.semanticscholar.org/CorpusID:3331921}
}

@article{Ruths2014SocialMedia,
author = {Ruths, Derek and Pfeffer, Juergen},
year = {2014},
month = {11},
pages = {1063-4},
title = {Social Media for Large Studies of Behaviour},
volume = {346},
journal = {Science},
doi = {10.1126/science.346.6213.1063}
}

@article{Suler2004TheOD,
  title={The Online Disinhibition Effect},
  author={John Suler},
  journal={Cyberpsychology \& behavior : the impact of the Internet, multimedia and virtual reality on behavior and society},
  year={2004},
  volume={7 3},
  pages={
          321-6
        },
  url={https://api.semanticscholar.org/CorpusID:8136203}
}

@article{Blank2017Represent,
author = {Blank, Grant and Lutz, Christoph},
year = {2017},
month = {07},
pages = {741-756},
title = {Representativeness of Social Media in Great Britain: Investigating Facebook, LinkedIn, Twitter, Pinterest, Google+, and Instagram},
volume = {61},
journal = {American Behavioral Scientist},
doi = {10.1177/0002764217717559}
}

@article{galesic2009effects,
  title={Effects of questionnaire length on participation and indicators of response quality in a web survey},
  author={Galesic, Mirta and Bosnjak, Michael},
  journal={Public opinion quarterly},
  volume={73},
  number={2},
  pages={349--360},
  year={2009},
  publisher={Oxford University Press}
}

@article{wang2024large,
  title={Large language models cannot replace human participants because they cannot portray identity groups},
  author={Wang, Angelina and Morgenstern, Jamie and Dickerson, John P},
  journal={arXiv preprint arXiv:2402.01908},
  year={2024}
}

@article{lee2024can,
  title={Can large language models estimate public opinion about global warming? An empirical assessment of algorithmic fidelity and bias},
  author={Lee, Sanguk and Peng, Tai-Quan and Goldberg, Matthew H and Rosenthal, Seth A and Kotcher, John E and Maibach, Edward W and Leiserowitz, Anthony},
  journal={PLOS Climate},
  volume={3},
  number={8},
  pages={e0000429},
  year={2024},
  publisher={Public Library of Science San Francisco, CA USA}
}

@article{sun2024random,
  title={Random Silicon Sampling: Simulating Human Sub-Population Opinion Using a Large Language Model Based on Group-Level Demographic Information},
  author={Sun, Seungjong and Lee, Eungu and Nan, Dongyan and Zhao, Xiangying and Lee, Wonbyung and Jansen, Bernard J and Kim, Jang Hyun},
  journal={arXiv preprint arXiv:2402.18144},
  year={2024}
}

@article{argyle2023out,
  title={Out of one, many: Using language models to simulate human samples},
  author={Argyle, Lisa P and Busby, Ethan C and Fulda, Nancy and Gubler, Joshua R and Rytting, Christopher and Wingate, David},
  journal={Political Analysis},
  volume={31},
  number={3},
  pages={337--351},
  year={2023},
  publisher={Cambridge University Press}
}

@article{saito2015precision,
  title={The precision-recall plot is more informative than the ROC plot when evaluating binary classifiers on imbalanced datasets},
  author={Saito, Takaya and Rehmsmeier, Marc},
  journal={PloS one},
  volume={10},
  number={3},
  pages={e0118432},
  year={2015},
  publisher={Public Library of Science San Francisco, CA USA}
}

@article{patil2024review,
  title={A review of current trends, techniques, and challenges in large language models (llms)},
  author={Patil, Rajvardhan and Gudivada, Venkat},
  journal={Applied Sciences},
  volume={14},
  number={5},
  pages={2074},
  year={2024},
  publisher={MDPI}
}

@article{hagos2024recent,
  title={Recent Advances in Generative AI and Large Language Models: Current Status, Challenges, and Perspectives},
  author={Hagos, Desta Haileselassie and Battle, Rick and Rawat, Danda B},
  journal={IEEE Transactions on Artificial Intelligence},
  year={2024},
  publisher={IEEE}
}

@article{naveed2023comprehensive,
  title={A comprehensive overview of large language models},
  author={Naveed, Humza and Khan, Asad Ullah and Qiu, Shi and Saqib, Muhammad and Anwar, Saeed and Usman, Muhammad and Akhtar, Naveed and Barnes, Nick and Mian, Ajmal},
  journal={arXiv preprint arXiv:2307.06435},
  year={2023}
}

@article{kumar2024large,
  title={Large language models (LLMs): survey, technical frameworks, and future challenges},
  author={Kumar, Pranjal},
  journal={Artificial Intelligence Review},
  volume={57},
  number={9},
  pages={260},
  year={2024},
  publisher={Springer}
}

@article{reveilhac2022systematic,
  title={A systematic literature review of how and whether social media data can complement traditional survey data to study public opinion},
  author={Reveilhac, Maud and Steinmetz, Stephanie and Morselli, Davide},
  journal={Multimedia tools and applications},
  volume={81},
  number={7},
  pages={10107--10142},
  year={2022},
  publisher={Springer}
}

@article{stray2023algorithmic,
  title={The algorithmic Management of Polarization and Violence on social media},
  author={Stray, Jonathan and Iyer, Ravi and Puig Larrauri, Helena},
  year={2023}
}

@article{nordbrandt2023affective,
  title={Affective polarization in the digital age: Testing the direction of the relationship between social media and usersâ€™ feelings for out-group parties},
  author={Nordbrandt, Maria},
  journal={New media \& society},
  volume={25},
  number={12},
  pages={3392--3411},
  year={2023},
  publisher={SAGE Publications Sage UK: London, England}
}

@article{baumann2020modeling,
  title={Modeling echo chambers and polarization dynamics in social networks},
  author={Baumann, Fabian and Lorenz-Spreen, Philipp and Sokolov, Igor M and Starnini, Michele},
  journal={Physical Review Letters},
  volume={124},
  number={4},
  pages={048301},
  year={2020},
  publisher={APS}
}

@article{xu2023studying,
  title={Studying social networks in the age of computational social science},
  author={Xu, Xinwei},
  journal={EPJ Data Science},
  volume={12},
  number={1},
  pages={61},
  year={2023},
  publisher={Springer Berlin Heidelberg}
}

@article{amro2023integrated,
  title={Integrated content-network analysis to discover influential collectives for studying social cyber-threats from online social movements},
  author={Amro, Falah and Purohit, Hemant},
  journal={Social Network Analysis and Mining},
  volume={13},
  number={1},
  pages={120},
  year={2023},
  publisher={Springer}
}

@article{kelly2006protest,
  title={Protest in an information society: A review of literature on social movements and new ICTs},
  author={Kelly Garrett, R},
  journal={Information, communication \& society},
  volume={9},
  number={02},
  pages={202--224},
  year={2006},
  publisher={Taylor \& Francis}
}

@book{jowell2007measuring,
  title={Measuring attitudes cross-nationally: Lessons from the European Social Survey},
  author={Jowell, Roger and Roberts, Caroline and Fitzgerald, Rory and Eva, Gillian},
  year={2007},
  publisher={Sage}
}

@techreport{lynn2004methods,
  title={Methods for achieving equivalence of samples in cross-national surveys: the European social survey experience},
  author={Lynn, Peter and Hader, Sabine and Gabler, Siegfried and Laaksonen, Seppo},
  year={2004},
  institution={ISER Working Paper Series}
}

@article{chen2024bge,
  title={Bge m3-embedding: Multi-lingual, multi-functionality, multi-granularity text embeddings through self-knowledge distillation},
  author={Chen, Jianlv and Xiao, Shitao and Zhang, Peitian and Luo, Kun and Lian, Defu and Liu, Zheng},
  journal={arXiv preprint arXiv:2402.03216},
  year={2024}
}
